%YAML 1.1
%TAG !u! tag:unity3d.com,2011:
--- !u!1 &370378812590089024
GameObject:
  m_ObjectHideFlags: 0
  m_CorrespondingSourceObject: {fileID: 0}
  m_PrefabInstance: {fileID: 0}
  m_PrefabAsset: {fileID: 0}
  serializedVersion: 6
  m_Component:
  - component: {fileID: 1011396170912524612}
  - component: {fileID: 7861835009811578569}
  m_Layer: 0
  m_Name: bg_layer2
  m_TagString: Untagged
  m_Icon: {fileID: 0}
  m_NavMeshLayer: 0
  m_StaticEditorFlags: 0
  m_IsActive: 1
--- !u!4 &1011396170912524612
Transform:
  m_ObjectHideFlags: 0
  m_CorrespondingSourceObject: {fileID: 0}
  m_PrefabInstance: {fileID: 0}
  m_PrefabAsset: {fileID: 0}
  m_GameObject: {fileID: 370378812590089024}
  m_LocalRotation: {x: -0, y: -0, z: -0, w: 1}
  m_LocalPosition: {x: 7.5574, y: 3, z: 1}
  m_LocalScale: {x: 0.75495684, y: 1, z: 1}
  m_Children: []
  m_Father: {fileID: 2849250792324588598}
  m_RootOrder: 5
  m_LocalEulerAnglesHint: {x: 0, y: 0, z: 0}
--- !u!212 &7861835009811578569
SpriteRenderer:
  m_ObjectHideFlags: 0
  m_CorrespondingSourceObject: {fileID: 0}
  m_PrefabInstance: {fileID: 0}
  m_PrefabAsset: {fileID: 0}
  m_GameObject: {fileID: 370378812590089024}
  m_Enabled: 1
  m_CastShadows: 0
  m_ReceiveShadows: 0
  m_DynamicOccludee: 1
  m_MotionVectors: 1
  m_LightProbeUsage: 1
  m_ReflectionProbeUsage: 1
  m_RayTracingMode: 0
  m_RayTraceProcedural: 0
  m_RenderingLayerMask: 1
  m_RendererPriority: 0
  m_Materials:
  - {fileID: 10754, guid: 0000000000000000f000000000000000, type: 0}
  m_StaticBatchInfo:
    firstSubMesh: 0
    subMeshCount: 0
  m_StaticBatchRoot: {fileID: 0}
  m_ProbeAnchor: {fileID: 0}
  m_LightProbeVolumeOverride: {fileID: 0}
  m_ScaleInLightmap: 1
  m_ReceiveGI: 1
  m_PreserveUVs: 0
  m_IgnoreNormalsForChartDetection: 0
  m_ImportantGI: 0
  m_StitchLightmapSeams: 1
  m_SelectedEditorRenderState: 0
  m_MinimumChartSize: 4
  m_AutoUVMaxDistance: 0.5
  m_AutoUVMaxAngle: 89
  m_LightmapParameters: {fileID: 0}
  m_SortingLayerID: 0
  m_SortingLayer: 0
  m_SortingOrder: 0
  m_Sprite: {fileID: 21300000, guid: cd637fcc31bdcd14395a1230aa5f4d4f, type: 3}
  m_Color: {r: 1, g: 1, b: 1, a: 1}
  m_FlipX: 0
  m_FlipY: 0
  m_DrawMode: 0
  m_Size: {x: 20.48, y: 20.48}
  m_AdaptiveModeThreshold: 0.5
  m_SpriteTileMode: 0
  m_WasSpriteAssigned: 1
  m_MaskInteraction: 0
  m_SpriteSortPoint: 0
--- !u!1 &2849250791458223468
GameObject:
  m_ObjectHideFlags: 0
  m_CorrespondingSourceObject: {fileID: 0}
  m_PrefabInstance: {fileID: 0}
  m_PrefabAsset: {fileID: 0}
  serializedVersion: 6
  m_Component:
  - component: {fileID: 2849250791458223459}
  m_Layer: 0
  m_Name: EndPosition
  m_TagString: Untagged
  m_Icon: {fileID: 0}
  m_NavMeshLayer: 0
  m_StaticEditorFlags: 0
  m_IsActive: 1
--- !u!4 &2849250791458223459
Transform:
  m_ObjectHideFlags: 0
  m_CorrespondingSourceObject: {fileID: 0}
  m_PrefabInstance: {fileID: 0}
  m_PrefabAsset: {fileID: 0}
  m_GameObject: {fileID: 2849250791458223468}
  m_LocalRotation: {x: -0, y: -0, z: -0, w: 1}
  m_LocalPosition: {x: 15.294, y: 0.001, z: 0}
  m_LocalScale: {x: 1, y: 1, z: 1}
  m_Children: []
  m_Father: {fileID: 2849250792324588598}
  m_RootOrder: 2
  m_LocalEulerAnglesHint: {x: 0, y: 0, z: 0}
--- !u!1 &2849250792324588599
GameObject:
  m_ObjectHideFlags: 0
  m_CorrespondingSourceObject: {fileID: 0}
  m_PrefabInstance: {fileID: 0}
  m_PrefabAsset: {fileID: 0}
  serializedVersion: 6
  m_Component:
  - component: {fileID: 2849250792324588598}
  m_Layer: 0
  m_Name: LevelPart_05
  m_TagString: Untagged
  m_Icon: {fileID: 0}
  m_NavMeshLayer: 0
  m_StaticEditorFlags: 0
  m_IsActive: 1
--- !u!4 &2849250792324588598
Transform:
  m_ObjectHideFlags: 0
  m_CorrespondingSourceObject: {fileID: 0}
  m_PrefabInstance: {fileID: 0}
  m_PrefabAsset: {fileID: 0}
  m_GameObject: {fileID: 2849250792324588599}
  m_LocalRotation: {x: 0, y: 0, z: 0, w: 1}
  m_LocalPosition: {x: 15.3, y: -3.061, z: 0}
  m_LocalScale: {x: 1, y: 1, z: 1}
  m_Children:
  - {fileID: 3232081368973697171}
  - {fileID: 837507507110778901}
  - {fileID: 2849250791458223459}
  - {fileID: 8213656617491233005}
  - {fileID: 3682021136788749140}
  - {fileID: 1011396170912524612}
  m_Father: {fileID: 0}
  m_RootOrder: 0
  m_LocalEulerAnglesHint: {x: 0, y: 0, z: 0}
--- !u!1001 &110140646425306855
PrefabInstance:
  m_ObjectHideFlags: 0
  serializedVersion: 2
  m_Modification:
    m_TransformParent: {fileID: 2849250792324588598}
    m_Modifications:
    - target: {fileID: 1831211522287653933, guid: 28d7bbcb36f619d4d8227bacd453b30d, type: 3}
      propertyPath: m_Name
      value: Stone
      objectReference: {fileID: 0}
    - target: {fileID: 3647465871754321331, guid: 28d7bbcb36f619d4d8227bacd453b30d, type: 3}
      propertyPath: m_RootOrder
      value: 4
      objectReference: {fileID: 0}
    - target: {fileID: 3647465871754321331, guid: 28d7bbcb36f619d4d8227bacd453b30d, type: 3}
      propertyPath: m_LocalPosition.x
      value: 7.22
      objectReference: {fileID: 0}
    - target: {fileID: 3647465871754321331, guid: 28d7bbcb36f619d4d8227bacd453b30d, type: 3}
      propertyPath: m_LocalPosition.y
      value: 0.42
      objectReference: {fileID: 0}
    - target: {fileID: 3647465871754321331, guid: 28d7bbcb36f619d4d8227bacd453b30d, type: 3}
      propertyPath: m_LocalPosition.z
      value: 0
      objectReference: {fileID: 0}
    - target: {fileID: 3647465871754321331, guid: 28d7bbcb36f619d4d8227bacd453b30d, type: 3}
      propertyPath: m_LocalRotation.w
      value: 1
      objectReference: {fileID: 0}
    - target: {fileID: 3647465871754321331, guid: 28d7bbcb36f619d4d8227bacd453b30d, type: 3}
      propertyPath: m_LocalRotation.x
      value: -0
      objectReference: {fileID: 0}
    - target: {fileID: 3647465871754321331, guid: 28d7bbcb36f619d4d8227bacd453b30d, type: 3}
      propertyPath: m_LocalRotation.y
      value: -0
      objectReference: {fileID: 0}
    - target: {fileID: 3647465871754321331, guid: 28d7bbcb36f619d4d8227bacd453b30d, type: 3}
      propertyPath: m_LocalRotation.z
      value: -0
      objectReference: {fileID: 0}
    - target: {fileID: 3647465871754321331, guid: 28d7bbcb36f619d4d8227bacd453b30d, type: 3}
      propertyPath: m_LocalEulerAnglesHint.x
      value: 0
      objectReference: {fileID: 0}
    - target: {fileID: 3647465871754321331, guid: 28d7bbcb36f619d4d8227bacd453b30d, type: 3}
      propertyPath: m_LocalEulerAnglesHint.y
      value: 0
      objectReference: {fileID: 0}
    - target: {fileID: 3647465871754321331, guid: 28d7bbcb36f619d4d8227bacd453b30d, type: 3}
      propertyPath: m_LocalEulerAnglesHint.z
      value: 0
      objectReference: {fileID: 0}
    m_RemovedComponents: []
  m_SourcePrefab: {fileID: 100100000, guid: 28d7bbcb36f619d4d8227bacd453b30d, type: 3}
--- !u!4 &3682021136788749140 stripped
Transform:
  m_CorrespondingSourceObject: {fileID: 3647465871754321331, guid: 28d7bbcb36f619d4d8227bacd453b30d, type: 3}
  m_PrefabInstance: {fileID: 110140646425306855}
  m_PrefabAsset: {fileID: 0}
--- !u!1001 &2849250791979456622
PrefabInstance:
  m_ObjectHideFlags: 0
  serializedVersion: 2
  m_Modification:
    m_TransformParent: {fileID: 2849250792324588598}
    m_Modifications:
    - target: {fileID: 815215985672485117, guid: e4e3e07e4aca35a4f99691931d168774, type: 3}
      propertyPath: m_RootOrder
      value: 0
      objectReference: {fileID: 0}
    - target: {fileID: 815215985672485117, guid: e4e3e07e4aca35a4f99691931d168774, type: 3}
      propertyPath: m_LocalPosition.x
      value: 5.095
      objectReference: {fileID: 0}
    - target: {fileID: 815215985672485117, guid: e4e3e07e4aca35a4f99691931d168774, type: 3}
      propertyPath: m_LocalPosition.y
      value: 0.752
      objectReference: {fileID: 0}
    - target: {fileID: 815215985672485117, guid: e4e3e07e4aca35a4f99691931d168774, type: 3}
      propertyPath: m_LocalPosition.z
      value: 0
      objectReference: {fileID: 0}
    - target: {fileID: 815215985672485117, guid: e4e3e07e4aca35a4f99691931d168774, type: 3}
      propertyPath: m_LocalRotation.w
      value: 1
      objectReference: {fileID: 0}
    - target: {fileID: 815215985672485117, guid: e4e3e07e4aca35a4f99691931d168774, type: 3}
      propertyPath: m_LocalRotation.x
      value: 0
      objectReference: {fileID: 0}
    - target: {fileID: 815215985672485117, guid: e4e3e07e4aca35a4f99691931d168774, type: 3}
      propertyPath: m_LocalRotation.y
      value: 0
      objectReference: {fileID: 0}
    - target: {fileID: 815215985672485117, guid: e4e3e07e4aca35a4f99691931d168774, type: 3}
      propertyPath: m_LocalRotation.z
      value: 0
      objectReference: {fileID: 0}
    - target: {fileID: 815215985672485117, guid: e4e3e07e4aca35a4f99691931d168774, type: 3}
      propertyPath: m_LocalEulerAnglesHint.x
      value: 0
      objectReference: {fileID: 0}
    - target: {fileID: 815215985672485117, guid: e4e3e07e4aca35a4f99691931d168774, type: 3}
      propertyPath: m_LocalEulerAnglesHint.y
      value: 0
      objectReference: {fileID: 0}
    - target: {fileID: 815215985672485117, guid: e4e3e07e4aca35a4f99691931d168774, type: 3}
      propertyPath: m_LocalEulerAnglesHint.z
      value: 0
      objectReference: {fileID: 0}
    - target: {fileID: 8256699562277441448, guid: e4e3e07e4aca35a4f99691931d168774, type: 3}
      propertyPath: m_Name
      value: LevelComponent_01
      objectReference: {fileID: 0}
    m_RemovedComponents: []
  m_SourcePrefab: {fileID: 100100000, guid: e4e3e07e4aca35a4f99691931d168774, type: 3}
--- !u!4 &3232081368973697171 stripped
Transform:
  m_CorrespondingSourceObject: {fileID: 815215985672485117, guid: e4e3e07e4aca35a4f99691931d168774, type: 3}
  m_PrefabInstance: {fileID: 2849250791979456622}
  m_PrefabAsset: {fileID: 0}
--- !u!1001 &7632716136052692963
PrefabInstance:
  m_ObjectHideFlags: 0
  serializedVersion: 2
  m_Modification:
    m_TransformParent: {fileID: 2849250792324588598}
    m_Modifications:
    - target: {fileID: 4259542924813023718, guid: bc53219c7439fe44d9e56a0498e1de3f, type: 3}
      propertyPath: m_Name
      value: LevelComponent_07
      objectReference: {fileID: 0}
    - target: {fileID: 7094214229315522550, guid: bc53219c7439fe44d9e56a0498e1de3f, type: 3}
      propertyPath: m_RootOrder
      value: 1
      objectReference: {fileID: 0}
    - target: {fileID: 7094214229315522550, guid: bc53219c7439fe44d9e56a0498e1de3f, type: 3}
      propertyPath: m_LocalPosition.x
      value: 12.742
      objectReference: {fileID: 0}
    - target: {fileID: 7094214229315522550, guid: bc53219c7439fe44d9e56a0498e1de3f, type: 3}
      propertyPath: m_LocalPosition.y
      value: 1.105
      objectReference: {fileID: 0}
    - target: {fileID: 7094214229315522550, guid: bc53219c7439fe44d9e56a0498e1de3f, type: 3}
      propertyPath: m_LocalPosition.z
      value: 0
      objectReference: {fileID: 0}
    - target: {fileID: 7094214229315522550, guid: bc53219c7439fe44d9e56a0498e1de3f, type: 3}
      propertyPath: m_LocalRotation.w
      value: 1
      objectReference: {fileID: 0}
    - target: {fileID: 7094214229315522550, guid: bc53219c7439fe44d9e56a0498e1de3f, type: 3}
      propertyPath: m_LocalRotation.x
      value: 0
      objectReference: {fileID: 0}
    - target: {fileID: 7094214229315522550, guid: bc53219c7439fe44d9e56a0498e1de3f, type: 3}
      propertyPath: m_LocalRotation.y
      value: 0
      objectReference: {fileID: 0}
    - target: {fileID: 7094214229315522550, guid: bc53219c7439fe44d9e56a0498e1de3f, type: 3}
      propertyPath: m_LocalRotation.z
      value: 0
      objectReference: {fileID: 0}
    - target: {fileID: 7094214229315522550, guid: bc53219c7439fe44d9e56a0498e1de3f, type: 3}
      propertyPath: m_LocalEulerAnglesHint.x
      value: 0
      objectReference: {fileID: 0}
    - target: {fileID: 7094214229315522550, guid: bc53219c7439fe44d9e56a0498e1de3f, type: 3}
      propertyPath: m_LocalEulerAnglesHint.y
      value: 0
      objectReference: {fileID: 0}
    - target: {fileID: 7094214229315522550, guid: bc53219c7439fe44d9e56a0498e1de3f, type: 3}
      propertyPath: m_LocalEulerAnglesHint.z
      value: 0
      objectReference: {fileID: 0}
    m_RemovedComponents: []
  m_SourcePrefab: {fileID: 100100000, guid: bc53219c7439fe44d9e56a0498e1de3f, type: 3}
--- !u!4 &837507507110778901 stripped
Transform:
  m_CorrespondingSourceObject: {fileID: 7094214229315522550, guid: bc53219c7439fe44d9e56a0498e1de3f, type: 3}
  m_PrefabInstance: {fileID: 7632716136052692963}
  m_PrefabAsset: {fileID: 0}
--- !u!1001 &9027360335921799638
PrefabInstance:
  m_ObjectHideFlags: 0
  serializedVersion: 2
  m_Modification:
    m_TransformParent: {fileID: 2849250792324588598}
    m_Modifications:
    - target: {fileID: 917438311202035975, guid: 712e2098036e9a74f895509d12eac230, type: 3}
      propertyPath: m_Name
      value: Bottle
      objectReference: {fileID: 0}
    - target: {fileID: 917438311202036027, guid: 712e2098036e9a74f895509d12eac230, type: 3}
      propertyPath: m_RootOrder
      value: 3
      objectReference: {fileID: 0}
    - target: {fileID: 917438311202036027, guid: 712e2098036e9a74f895509d12eac230, type: 3}
      propertyPath: m_LocalScale.x
      value: 0.6203841
      objectReference: {fileID: 0}
    - target: {fileID: 917438311202036027, guid: 712e2098036e9a74f895509d12eac230, type: 3}
      propertyPath: m_LocalScale.y
      value: 0.56998694
      objectReference: {fileID: 0}
    - target: {fileID: 917438311202036027, guid: 712e2098036e9a74f895509d12eac230, type: 3}
      propertyPath: m_LocalPosition.x
      value: 8.28
      objectReference: {fileID: 0}
    - target: {fileID: 917438311202036027, guid: 712e2098036e9a74f895509d12eac230, type: 3}
      propertyPath: m_LocalPosition.y
      value: 0.34
      objectReference: {fileID: 0}
    - target: {fileID: 917438311202036027, guid: 712e2098036e9a74f895509d12eac230, type: 3}
      propertyPath: m_LocalPosition.z
      value: 0
      objectReference: {fileID: 0}
    - target: {fileID: 917438311202036027, guid: 712e2098036e9a74f895509d12eac230, type: 3}
      propertyPath: m_LocalRotation.w
      value: 1
      objectReference: {fileID: 0}
    - target: {fileID: 917438311202036027, guid: 712e2098036e9a74f895509d12eac230, type: 3}
      propertyPath: m_LocalRotation.x
      value: -0
      objectReference: {fileID: 0}
    - target: {fileID: 917438311202036027, guid: 712e2098036e9a74f895509d12eac230, type: 3}
      propertyPath: m_LocalRotation.y
      value: -0
      objectReference: {fileID: 0}
    - target: {fileID: 917438311202036027, guid: 712e2098036e9a74f895509d12eac230, type: 3}
      propertyPath: m_LocalRotation.z
      value: -0
      objectReference: {fileID: 0}
    - target: {fileID: 917438311202036027, guid: 712e2098036e9a74f895509d12eac230, type: 3}
      propertyPath: m_LocalEulerAnglesHint.x
      value: 0
      objectReference: {fileID: 0}
    - target: {fileID: 917438311202036027, guid: 712e2098036e9a74f895509d12eac230, type: 3}
      propertyPath: m_LocalEulerAnglesHint.y
      value: 0
      objectReference: {fileID: 0}
    - target: {fileID: 917438311202036027, guid: 712e2098036e9a74f895509d12eac230, type: 3}
      propertyPath: m_LocalEulerAnglesHint.z
      value: 0
      objectReference: {fileID: 0}
    m_RemovedComponents: []
  m_SourcePrefab: {fileID: 100100000, guid: 712e2098036e9a74f895509d12eac230, type: 3}
--- !u!4 &8213656617491233005 stripped
Transform:
  m_CorrespondingSourceObject: {fileID: 917438311202036027, guid: 712e2098036e9a74f895509d12eac230, type: 3}
  m_PrefabInstance: {fileID: 9027360335921799638}
  m_PrefabAsset: {fileID: 0}
